@book{Anderson2008sea,
  author={Anderson, Ross J.},
  title={Security Engineering},
  subtitle={A guide to building dependable distributed systems},
  publisher={Wiley},
  address={Indianapolis, IN},
  year={2008},
  edition={2},
  ISBN={978-0-470-06852-6 (hbk.)},
  URL={http://www.cl.cam.ac.uk/~rja14/book.html},
  keywords={IT-s{\"a}kerhet},
}
@book{Gollmann2011cs,
  author={Gollmann, Dieter},
  title={Computer Security},
  publisher={Wiley},
  address={Chichester, West Sussex, U.K.},
  year={2011},
  edition={3},
  ISBN={9780470741153 (pbk.)},
  keywords={IT-s{\"a}kerhet},
}

@misc{assembly,
  author={Bryant, Randal E.~and O'Hallaron, David R.},
  title={x86-64 Machine-Level Programming},
  month={9},
  year={2005},
  URL={https://www.cs.cmu.edu/~fp/courses/15213-s07/misc/asm64-handout.pdf},
}
@article{stacksmash,
  title={Smashing the stack for fun and profit},
  author={{Aleph One}},
  journal={Phrack magazine},
  volume={7},
  number={49},
  pages={14--16},
  year={1996},
  URL={http://www-inst.eecs.berkeley.edu/~cs161/fa08/papers/stack_smashing.pdf},
}

@misc{twilighthack,
  author={Wiibrew},
  title={Twilight Hack},
  note={Accessed 9 April 2014},
  URL={http://www.wiibrew.org/wiki/Twilight_Hack},
}
@misc{heartbleed,
  author={{OpenSSL}},
  title={OpenSSL Security Advisory: {TLS} heartbeat read overrun 
    (CVE-2014-0160)},
  date={2014-04-07},
  URL={https://www.openssl.org/news/secadv_20140407.txt},
}
@article{passwdbug,
  author={Shaun McAdams},
  title={Local Privilege Escalation in Solaris 8 and
    Solaris 9 via Buffer Overflow in passwd(1)},
  month={2},
  year={2005},
  journal={SANS Institute Reading Room},
  URL={https://www.sans.org/reading-room/whitepapers/solaris/local-privilege-escalation-solaris-8-solaris-9-buffer-overflow-passwd1-1600},
}
